<?xml version="1.0" encoding="UTF-8"?><record xmlns="http://www.loc.gov/MARC21/slim" xmlns:cinclude="http://apache.org/cocoon/include/1.0" xmlns:zs="http://www.loc.gov/zing/srw/">
  <leader>00397nz  a2200133n  4500</leader>
  <controlfield tag="001">nr 93007456 </controlfield>
  <controlfield tag="003">DLC</controlfield>
  <controlfield tag="005">19930303060908.5</controlfield>
  <controlfield tag="008">930301n| acannaab|          |a aaa     c</controlfield>
  <datafield tag="010" ind1=" " ind2=" ">
    <subfield code="a">nr 93007456 </subfield>
  </datafield>
  <datafield tag="040" ind1=" " ind2=" ">
    <subfield code="a">NjP</subfield>
    <subfield code="c">NjP</subfield>
  </datafield>
  <datafield tag="100" ind1="1" ind2="0">
    <subfield code="a">Brace, W. F.</subfield>
    <subfield code="q">(William F.)</subfield>
  </datafield>
  <datafield tag="400" ind1="1" ind2="0">
    <subfield code="a">Brace, William F.</subfield>
  </datafield>
  <datafield tag="670" ind1=" " ind2=" ">
    <subfield code="a">Fault mechanics and transport properties of rocks, c1992:</subfield>
    <subfield code="b">t.p. (W.F. Brace) p. x (William F. Brace)</subfield>
  </datafield>
</record>